@inproceedings{liu2019automatic,
  title={Automatic grading of programming assignments: an approach based on formal semantics},
  author={Liu, Xiao and Wang, Shuai and Wang, Pei and Wu, Dinghao},
  booktitle={2019 IEEE/ACM 41st International Conference on Software Engineering: Software Engineering Education and Training (ICSE-SEET)},
  pages={126--137},
  year={2019},
  organization={IEEE}
}

@inproceedings{weld2012personalized,
  title={Personalized online education—a crowdsourcing challenge},
  author={Weld, Daniel S and Adar, Eytan and Chilton, Lydia and Hoffmann, Raphael and Horvitz, Eric and Koch, Mitchell and Landay, James and Lin, Christopher H and Mausam, Mausam},
  booktitle={Workshops at the Twenty-Sixth AAAI Conference on Artificial Intelligence},
  year={2012}
}

@article{boyer1975select,
  title={SELECT—a formal system for testing and debugging programs by symbolic execution},
  author={Boyer, Robert S and Elspas, Bernard and Levitt, Karl N},
  journal={ACM SigPlan Notices},
  volume={10},
  number={6},
  pages={234--245},
  year={1975},
  publisher={ACM New York, NY, USA}
}

@article{zhu1997software,
  title={Software unit test coverage and adequacy},
  author={Zhu, Hong and Hall, Patrick AV and May, John HR},
  journal={Acm computing surveys (csur)},
  volume={29},
  number={4},
  pages={366--427},
  year={1997},
  publisher={ACM New York, NY, USA}
}

@article{de2011satisfiability,
  title={Satisfiability modulo theories: introduction and applications},
  author={De Moura, Leonardo and Bj{\o}rner, Nikolaj},
  journal={Communications of the ACM},
  volume={54},
  number={9},
  pages={69--77},
  year={2011},
  publisher={ACM New York, NY, USA}
}

@article{mollerverified,
  title={Verified Systems International GmbH},
  author={M{\"o}ller, M Oliver}
}

@inproceedings{peleska2011automated,
  title={Automated test case generation with SMT-solving and abstract interpretation},
  author={Peleska, Jan and Vorobev, Elena and Lapschies, Florian},
  booktitle={NASA Formal Methods Symposium},
  pages={298--312},
  year={2011},
  organization={Springer}
}

@article{kirchner2015frama,
  title={Frama-C: A software analysis perspective},
  author={Kirchner, Florent and Kosmatov, Nikolai and Prevosto, Virgile and Signoles, Julien and Yakobowski, Boris},
  journal={Formal Aspects of Computing},
  volume={27},
  number={3},
  pages={573--609},
  year={2015},
  publisher={Springer}
}

@inproceedings{petiot2014test,
  title={How test generation helps software specification and deductive verification in Frama-C},
  author={Petiot, Guillaume and Kosmatov, Nikolai and Giorgetti, Alain and Julliand, Jacques},
  booktitle={International Conference on Tests and Proofs},
  pages={204--211},
  year={2014},
  organization={Springer}
}

@article{cadar2008exe,
  title={EXE: automatically generating inputs of death},
  author={Cadar, Cristian and Ganesh, Vijay and Pawlowski, Peter M and Dill, David L and Engler, Dawson R},
  journal={ACM Transactions on Information and System Security (TISSEC)},
  volume={12},
  number={2},
  pages={1--38},
  year={2008},
  publisher={ACM New York, NY, USA}
}

@article{miller2000re,
  title={A Re-examination of the Reliability of UNIX Utilities and Services},
  author={Miller, Barton P and Koski, D and Lee, Cjin Pheow and Maganty, V and Murthy, R and Natarajan, A and Steidl, J},
  journal={Tech. Rep.},
  year={2000}
}

@inproceedings{lattner2004llvm,
  title={LLVM: A compilation framework for lifelong program analysis \& transformation},
  author={Lattner, Chris and Adve, Vikram},
  booktitle={International Symposium on Code Generation and Optimization, 2004. CGO 2004.},
  pages={75--86},
  year={2004},
  organization={IEEE}
}

@inproceedings{cadar2008klee,
  title={Klee: unassisted and automatic generation of high-coverage tests for complex systems programs.},
  author={Cadar, Cristian and Dunbar, Daniel and Engler, Dawson R and others},
  booktitle={OSDI},
  volume={8},
  pages={209--224},
  year={2008}
}

@inproceedings{ganesh2007decision,
  title={A decision procedure for bit-vectors and arrays},
  author={Ganesh, Vijay and Dill, David L},
  booktitle={International Conference on Computer Aided Verification},
  pages={519--531},
  year={2007},
  organization={Springer}
}